@inproceedings{guyard2022node,
	author = {Guyard, Theo and Herzet, Cedric and Elvira, Clement},
	booktitle = {ICASSP 2022-2022 IEEE International Conference on Acoustics, Speech and Signal Processing (ICASSP)},
	organization = {IEEE},
	pages = {5448--5452},
	title = {Node-Screening Tests For The L0-Penalized Least-Squares Problem},
	year = {2022}
}